@article{kumar19cbio,
  author = "Manisha and Nitin Kumar",
  title = "Cancelable Biometrics: A Comprehensive Survey",
  journal = "Artificial Intelligence Review",
  volume = "2020",
  pages = "3403--3446",
  month = oct,
  year = 2019
};
@article{wencheng18cbio,
	author = "Wencheng Yang and Jiankun Hu and Song Wang and Qianhong Wu",
	title = "Biometrics Based Privacy-Preserving Authentication and Mobile Template Protection",
	journal = "Hindawi Wireless Communications and Mobile Computing",
	volume = "2018",
	month = jun,
	year = 2018
};
@article{lind84lem,
	author = "J. Lindenstrauss and W. Johnson",
	title = "Extensions of lipschitz maps into a hilbert space",
	journal = "Contemporary Mathematics",
	pages = "189-206",
	year = 2018
};
@book{maltoni22fing,
  author = "Davide Maltoni and Dario Maio and Anil K. Jain and Jianjiang Feng",
  title = "Handbook of Fingerprint Recognition",
  publisher = "Springer Nature Switzerland AG",
  pages = "115--120",
  year = "2022"
};
@article{delaunay34trig,
	author = "Boris Delaunay",
	title = "Sur la sphere vide",
	journal = "Bulletin de l'Académie des Sciences de l'URSS, Classe des Sciences Mathématiques et Naturelles",
	volume = "6",
	pages = "793--800",
	year = "1934"
};
@misc{delgit,
	title        = "Python Delaunay Triangulation",
	author       = "Leonie Henkel",
	howpublished = "https://gitlab.com/LittleLeonie/delaunay-triangulation-py",
	year         = 2021
};
@misc{corr2,
	title        = "MATLAB Documentation - 2D Correlation Coefficient",
	author       = "MathWorks",
	howpublished = "https://www.mathworks.com/help/images/ref/corr2.html",
	year = 2023
};
@misc{fingerflow,
	title        = "FingerFlow",
	author       = "Jakub Arendáč",
	howpublished = "https://github.com/jakubarendac/fingerflow",
	year = 2021
};